<record><leader>00000cas a22000007a 4500</leader><controlfield tag="001">16112342</controlfield><controlfield tag="008">870630d18461846msuwr ne      0   a0eng d</controlfield><datafield ind1=" " ind2=" " tag="010"><subfield code="a">sn 87065520 </subfield></datafield><datafield ind1=" " ind2=" " tag="040"><subfield code="a">MJA</subfield><subfield code="b">eng</subfield><subfield code="c">MJA</subfield><subfield code="d">MSJ</subfield><subfield code="d">OCLCQ</subfield><subfield code="d">DLC</subfield></datafield><datafield ind1="0" ind2=" " tag="022"><subfield code="a">2469-9055</subfield><subfield code="2">1</subfield></datafield><datafield ind1=" " ind2=" " tag="042"><subfield code="a">msc</subfield><subfield code="a">nsdp</subfield></datafield><datafield ind1=" " ind2=" " tag="043"><subfield code="a">n-us-ms</subfield></datafield><datafield ind1="0" ind2="0" tag="050"><subfield code="a">Newspaper</subfield></datafield><datafield ind1="1" ind2="0" tag="082"><subfield code="a">071</subfield><subfield code="2">23</subfield></datafield><datafield ind1=" " ind2="4" tag="222"><subfield code="a">The Panola Miss. lynx</subfield><subfield code="b">(Print)</subfield></datafield><datafield ind1="0" ind2="4" tag="245"><subfield code="a">The Panola Miss. lynx.</subfield></datafield><datafield ind1="1" ind2="3" tag="246"><subfield code="a">Panola Mississippi lynx</subfield></datafield><datafield ind1=" " ind2=" " tag="260"><subfield code="a">Panola, Mi. [i.e. Miss.] :</subfield><subfield code="b">Rockett &amp; Middleton</subfield></datafield><datafield ind1=" " ind2=" " tag="310"><subfield code="a">Weekly</subfield></datafield><datafield ind1="1" ind2=" " tag="362"><subfield code="a">Began in 1846; ceased in 1846.</subfield></datafield><datafield ind1=" " ind2=" " tag="530"><subfield code="a">Archived issues are available in digital format from the Library of Congress Chronicling America online collection.</subfield></datafield><datafield ind1=" " ind2=" " tag="588"><subfield code="a">Description based on: Vol. 2, no. 2 (Feb. 28, 1846).</subfield></datafield><datafield ind1=" " ind2="0" tag="651"><subfield code="a">Panola County (Miss.)</subfield><subfield code="v">Newspapers.</subfield></datafield><datafield ind1=" " ind2=" " tag="752"><subfield code="a">United States</subfield><subfield code="b">Mississippi</subfield><subfield code="c">Panola</subfield><subfield code="d">Panola.</subfield></datafield><datafield ind1="0" ind2="8" tag="776"><subfield code="i">Online version:</subfield><subfield code="t">Panola Miss. lynx</subfield><subfield code="x">2469-9063</subfield><subfield code="w">(DLC)  2015270727</subfield><subfield code="w">(OCoLC)931870813</subfield></datafield><datafield ind1="0" ind2="0" tag="780"><subfield code="t">Panola lynx</subfield><subfield code="w">(OCoLC)16111994</subfield></datafield><datafield ind1="0" ind2="0" tag="785"><subfield code="t">Mississippi lynx</subfield><subfield code="w">(OCoLC)16111086</subfield></datafield><datafield ind1="4" ind2="1" tag="856"><subfield code="u">http://www.loc.gov/chroniclingamerica/lccn/sn87065520/issues</subfield></datafield></record>